@software{uabefoliotemplate,
	author={{Pinto Machado}, Carlos},
	title={uab-efolio-template},
	year={2022},
	url={https://github.com/cpmachado/uab-efolio-template}
}
